@article{einstein,
    author =       "Albert Einstein",
    title =        "DAS LAMA",
    journal =      "Annalen der Physik",
    volume =       "322",
    number =       "10",
    pages =        "891--921",
    year =         "1905"
}

@inproceedings{Puuska_2019,
	Address = {Cham},
	Author = {Puuska, Samir and Kokkonen, Tero and Alatalo, Janne and Heilimo, Eppu},
	Booktitle = {Innovative Security Solutions for Information Technology and Communications},
	Editor = {Lanet, Jean-Louis and Toma, Cristian},
	Isbn = {978-3-030-12942-2},
	Pages = {234--246},
	Publisher = {Springer International Publishing},
	Title = {Anomaly-Based Network Intrusion Detection Using Wavelets and Adversarial Autoencoders},
	Year = {2019}
}

@Article{Haar_1910,
author="Haar, Alfred",
title="Zur Theorie der orthogonalen Funktionensysteme",
journal="Mathematische Annalen",
year="1910",
month="Sep",
day="01",
volume="69",
number="3",
pages="331--371",
issn="1432-1807",
doi="10.1007/BF01456326",
}

